

@book{book_Embedded_systems_ARM_Cortex_M_YifengZhu,
  title={Embedded systems with ARM Cortex-M microcontrollers in assembly language and C},
  author={Yifeng Zhu},
  isbn={9780195331455},
  lccn={2008029440},
  series={Oxford Series in Electrical and computer engineering},
  year={2009},
  publisher={E-Man Press LLC}
}
